@article{Hubbard.PhysRevLett.3.77,
  title = {Calculation of Partition Functions},
  author = {Hubbard, J.},
  journal = {Phys. Rev. Lett.},
  volume = {3},
  issue = {2},
  pages = {77--78},
  numpages = {0},
  year = {1959},
  month = {Jul},
  publisher = {American Physical Society},
  doi = {10.1103/PhysRevLett.3.77},
  url = {https://link.aps.org/doi/10.1103/PhysRevLett.3.77}
}

@ARTICLE{Stratonovich1957,
       author = {{Stratonovich}, R.~L.},
        title = "{On a Method of Calculating Quantum Distribution Functions}",
      journal = {Soviet Physics Doklady},
         year = 1957,
        month = jul,
       volume = {2},
        pages = {416},
       adsurl = {https://ui.adsabs.harvard.edu/abs/1957SPhD....2..416S},
      adsnote = {Provided by the SAO/NASA Astrophysics Data System}
}